@book{texbook,
  title     = {The {{\TeX}}book},
  author    = {D.E. Knuth},
  isbn      = {0201134489},
  series    = {Computers \& typesetting},
  year      = {1983},
  publisher = {Addison-Wesley}
}
@book{sexbook,
    author    = {W.H. Masters and V.E. Johnson},
    title     = {Human Sexual Response},
    year      = {1966},
    publisher = {Bantam Books}
}